2974 4936
454 1147 829 1288 putantum.

562 1375 714 1384 ..ι-,η

157 1457 231 1560 Hoc
253 1495 472 1559 verosimiliter
499 1496 605 1559 ultimo
633 1496 852 1578 supplemento
873 1497 1123 1578 llcuogrephiam
1146 1498 1207 1558 lle-

86 1600 212 1663 lioecrum
234 1617 294 1682 pro
315 1609 455 1679 tempore
477 1599 642 1662 absolvens
662 1601 715 1661 vix
736 1600 946 1662 necessarium
968 1609 1043 1681 puto
1066 1607 1209 1681 repetere

85 1720 152 1782 qnae
171 1705 200 1764 in
223 1700 468 1784 praefationibus
490 1702 646 1784 prioribus
669 1710 762 1784 atquc
783 1703 857 1764 alibi
879 1704 1005 1784 saepius
1026 1704 1166 1784 exposui.

155 1807 201 1868 Ex
222 1803 336 1868 iisdem
359 1805 529 1868 rationibus
545 1823 583 1867 ac
597 1815 688 1868 autea
710 1805 890 1869 methodum
906 1825 991 1869 mere
1013 1807 1211 1888 conchologi-

86 1927 141 1970 mm
165 1927 223 1972 aec
252 1909 337 1970 benc
371 1908 569 1970 scientificum
602 1907 634 1969 iu
667 1907 847 1970 ordinandis
881 1907 1047 1990 speciebus
1075 1913 1209 1988 servavi,

85 2031 141 2073 cum
165 2012 197 2073 in
224 2010 388 2092 permultis
417 2009 543 2072 casibus
571 2011 639 2072 lero
664 2009 857 2092 impossibile
884 2009 1044 2091 videatur,
1071 2013 1210 2094 speciem

85 2115 201 2196 aliquam
224 2113 413 2193 incognitam
434 2111 466 2172 in
489 2112 712 2193 systematibus
740 2115 784 2176 sic
805 2113 895 2176 dictis
917 2115 1111 2178 naturalibus
1134 2115 1210 2196 lani·
1270 2147 1274 2157 ·

83 2217 190 2280 wem
202 2215 297 2279 modo
314 2213 545 2277 characteribus
561 2215 741 2293 nitentibus)
754 2235 875 2279 eruere.
898 2217 1069 2280 Doleudum
1081 2217 1209 2300 quidem

84 2329 121 2382 est
139 2321 170 2382 in
186 2314 335 2383 methodo
357 2335 375 2380 a
397 2334 447 2379 me
469 2316 614 2398 adoptata
637 2338 733 2402 saepe
755 2322 878 2401 species
901 2321 1049 2384 affinitate
1074 2323 1210 2384 naturali

83 2421 216 2486 evidente
235 2422 361 2501 junctas
382 2419 472 2501 longe
495 2421 574 2482 iuter
596 2440 631 2482 se
653 2431 814 2503 separatas
837 2441 907 2484 esso
921 2457 965 2466 -
980 2421 1037 2485 sed
1059 2424 1092 2485 in
1107 2431 1210 2505 syste-
1265 2487 1269 2496 ,

84 2527 203 2588 natibus
227 2522 419 2586 naturalibus
442 2523 545 2586 multis
568 2523 692 2585 casibus
714 2524 835 2604 species
857 2525 889 2584 in
905 2523 1137 2587 collectionibus
1159 2527 1212 2588 vix

83 2629 120 2690 rel
144 2647 208 2692 non
232 2624 468 2707 distinguendae
497 2631 527 2687 in
555 2624 691 2688 diversis
719 2625 887 2706 generibus
925 2628 973 2689 vel
1000 2627 1061 2688 imo
1080 2617 1211 2689 ‘familiis

83 2731 268 2812 quaerendae
291 2738 375 2792 suut.
418 2729 539 2790 Genera
566 2729 626 2791 boc
649 2747 743 2792 sensu
770 2731 920 2793 naturalia
944 2729 1084 2812 exceptis
1105 2732 1211 2812 paucis

82 2836 134 2896 lere
153 2851 317 2915 nunquam
340 2831 446 2912 phrasi
469 2839 578 2894 exacta
594 2830 715 2894 deliniri
735 2842 870 2913 possunt
884 2843 914 2896 et
934 2833 1123 2916 hypotheses
1146 2837 1210 2897 siu-

80 2939 209 3014 gulcrurn
233 2953 293 2998 nec
315 2953 378 2996 non
399 2935 483 3016 leges
505 2933 663 3016 analogiae
685 2936 810 2998 maximi
832 2944 903 2998 sunt
924 2937 1086 3016 momenti,
1114 2956 1211 3018 quare

81 3037 246 3102 distributio
279 3039 458 3120 specierum
491 3038 523 3100 iu
553 3035 783 3100 collectionibus
813 3037 866 3100 din
896 3038 999 3101 adhuc
1031 3041 1148 3102 incerta
1182 3051 1213 3103 et

80 3143 233 3206 arbitraria
254 3139 436 3204 remanebit.
689 3141 692 3148 ’

150 3247 219 3310 Etsi
241 3243 380 3306 collectio
403 3261 486 3322 mea,
516 3253 607 3326 typos
634 3244 827 3307 authenticos
849 3245 1015 3310 multarum
1036 3247 1211 3326 specierum

77 3351 240 3426 emtinens,
263 3367 302 3408 ex
324 3345 479 3408 nonnullis
502 3348 591 3410 anuis
614 3347 786 3410 collectioni
802 3347 965 3409 clarissimi
984 3347 1083 3425 amici,
1106 3347 1211 3412 docto-

78 3451 114 3513 ris
133 3453 167 3514 ll
192 3449 301 3512 Dobrn
323 3467 406 3511 nuuc
426 3449 561 3527 injuncta
584 3450 638 3529 sit,
667 3460 771 3513 tamen
793 3467 940 3512 numeros
963 3449 1138 3531 specierum
1160 3451 1212 3512 illo

76 3565 211 3636 tempore
234 3555 265 3614 in
289 3571 325 3614 ea
349 3552 545 3615 existentium
568 3553 658 3629 (sicut
683 3554 714 3614 in
737 3553 922 3616 editionibus
944 3550 1213 3627 antecedentibus)

77 3658 181 3738 addidi,
200 3673 265 3738 quo
278 3653 449 3718 indicarem
465 3654 531 3716 illas
547 3674 624 3737 quas
640 3657 778 3719 exactius
793 3655 858 3718 vidi
875 3665 906 3719 et
920 3656 1110 3732 examinavi;
1134 3655 1213 3731 illae,

78 3779 144 3840 quas
168 3759 273 3823 solum
295 3777 313 3819 e
335 3757 594 3838 descriptionibus
616 3759 667 3821 vel
693 3759 835 3821 iconibus
858 3759 955 3838 magis
981 3759 1125 3820 minusve
1148 3757 1213 3819 sul-

76 3863 249 3926 tiuientibus
272 3862 415 3942 cognovi,
436 3860 504 3923 loco
528 3881 545 3924 e
568 3862 799 3924 characteribus
814 3863 911 3924 allatis
927 3862 1145 3924 verosimiliter
1167 3861 1213 3922 cis

75 3977 137 4046 apto
162 3965 258 4044 (sicut
271 3973 361 4027 antea
377 3965 465 4045 signo
488 3963 558 4044 „†“
581 3967 711 4042 notatas)
734 3965 839 4046 recepi
855 3975 887 4027 et
902 3963 1123 4026 reflexionibus
1137 3983 1212 4045 pro-

74 4073 142 4147 priis
166 4067 286 4131 criticis
307 4067 431 4148 penitus
447 4068 596 4148 abstinui,
619 4069 854 4132 successoribus
878 4067 1057 4147 relinquens
1080 4067 1212 4130 officium

74 4173 195 4234 difficile
222 4169 406 4233 emendandi
429 4189 558 4234 erronea
581 4181 612 4233 et
638 4171 818 4234 eliminandi
840 4171 1008 4251 superflua.

152 4275 322 4338 Caeterum
349 4272 557 4340 voluminibus
585 4273 843 4354 praecedentibus
875 4275 933 4336 boc
961 4273 1211 4356 supplementum

74 4389 216 4458 quartum
238 4380 304 4442 lere
325 4378 448 4440 omniuo
470 4377 629 4460 adaptavi,
651 4379 702 4442 illa
725 4389 827 4442 tamen
849 4375 1022 4442 dillerentia
1045 4386 1079 4442 nt
1092 4377 1212 4457 'cuique
